@misc{DigilentReferenceDesign,
  title = {Digilent ZedBoard Out-Of-Box Design},
  howpublished = {\url{https://reference.digilentinc.com/_media/zedboard/zedboard_oob_design.zip}},
  note = {Accessed: 2019-02-21}
}

@misc{DigilentTutorial,
  title = {Embedded Linux Hands-on Tutorial -- ZedBoard},
  howpublished = {\url{http://xilinx.eetrend.com/files-eetrend-xilinx/forum/201509/9209-20396-embedded_linux_handson_tutorial_zedboard_rev1.pdf}},
  note = {Accessed: 2019-02-21}
}

@techreport{blake2,
  author = {M-J. Saarinen, Ed.},
  title = {The BLAKE2 Cryptographic Hash and Message Authentication Code (MAC)},
  howpublished = {Internet Requests for Comments},
  type = {RFC},
  number = 7693,
  year = {2015},
  month = {November},
  issn = {2070-1721},
  publisher = {RFC Editor},
  institution = {RFC Editor},
  url = {https://tools.ietf.org/html/rfc7693}
}

@misc{blake2hardware,
  title = {BLAKE2 VHDL IP Core},
  howpublished = {\url{https://github.com/christian-krieg/blake2}},
  note = {Accessed: 2019-02-21}
}

@misc{DigilentLinux,
  title = {Linux Repository for digilent boards},
  howpublished = {\url{https://github.com/Digilent/linux-digilent}},
  note = {Accessed: 2019-02-22}
}

@misc{androidsource,
  title = {xilinx-android-manifest},
  howpublished = {\url{https://github.com/aimeemikaelac/xilinx-android-manifest}},
  note = {Accessed: 2019-02-22}
}

@misc{androidmarketshare,
  title = {Mobile and Tablet Android Version Market Share Worldwide},
  howpublished = {\url{http://gs.statcounter.com/android-version-market-share/mobile-tablet/worldwide}},
  note = {Accessed: 2019-02-22}
}

@misc{tslib,
  title = {tslib - C library for filtering touchscreen events},
  howpublished = {\url{http://www.tslib.org/}},
  note = {Accessed: 2019-02-22}
}

@misc{noritsuna,
  title = {How to Build Android 5.0 on ZedBoard},
  howpublished = {\url{https://www.slideshare.net/noritsuna/zedroid-android-50-and-later-on-zedboard/}},
  note = {Accessed: 2019-02-22}
}

@misc{planAheadTutorial,
	title = {Partial Reconfiguration Tutorial - PlanAhead Design Tool},
	howpublished = {\url{https://www.xilinx.com/support/documentation/sw_manuals/xilinx14_1/PlanAhead_Tutorial_Partial_Reconfiguration.pdf}},
	note = {Accessed: 2019-02-26}
}

%========================================================================

@misc{oldrepo,
  title = {Github Repository for previous Project},
  howpublished = {\url{https://github.com/FlorianMuttenthaler/SocLabPartialReconfigIot}},
  note = {Accessed: 2020-11-05}
}

@misc{repo,
  title = {Github Project Repository},
  howpublished = {\url{https://github.com/1chor/SoC-project}},
  note = {Accessed: 2020-11-05}
}

@misc{TRDReferenceDesign,
  title = {Zynq UltraScale MPSoC Base TRD 2018.1},
  howpublished = {\url{https://xilinx-wiki.atlassian.net/wiki/spaces/A/pages/18842372/Zynq+UltraScale+MPSoC+Base+TRD+2018.1}},
  note = {Accessed: 2020-11-06}
}